2969 3547
673 760 704 803 ι
1395 657 1736 754 υε,,’

673 806 675 809 ⁴
786 826 856 908 (ι
941 828 1176 938 Ι.Ῑο
1227 850 1587 941 Ῑισ1,οψ
1660 852 1708 908 c
1761 854 1912 939 ᾼ,ι
1966 855 2017 911 v
2069 855 2121 912 ο

1032 1021 1402 1091 onAronss
1460 1023 1551 1073 Er
1608 1021 1879 1078 POETA.

247 1353 420 1453 Quae
516 1395 546 1428 o
582 1362 798 1447 quatuor
832 1374 1011 1428 abhinc
1043 1347 1149 1426 fere
1183 1392 1338 1425 annos
1371 1375 1427 1424 in
1473 1343 1903 1450 Commentatione
1944 1375 2007 1426 de
2044 1378 2105 1445 ρ.
2144 1378 2342 1427 Horatii
2375 1354 2534 1426 Flacci
2572 1379 2664 1426 Ob·

243 1458 448 1497 trectato
481 1449 490 1458 ’
522 1464 577 1497 us
609 1465 660 1517 p.
686 1452 720 1499 6
743 1463 852 1535 sqq.
888 1445 953 1496 ad
986 1443 1330 1497 illustrandum
1362 1444 1526 1495 locum
1561 1444 1663 1494 Sat.
1688 1447 1727 1506 1,
1759 1461 1836 1504 10,
1868 1459 1927 1509 17
1952 1463 2026 1516 sq.

1369 1564 1488 1613 quos
1521 1565 1671 1614 neque
1703 1547 1900 1612 pulcher

564 1623 899 1685 Hermogenes
933 1632 1178 1682 umquam.
1203 1617 1326 1682 legit
1359 1633 1446 1663 nec
1478 1619 1644 1664 simius
1678 1619 1764 1663 iste

562 1689 653 1755 Nil
685 1698 877 1749 praeter
911 1687 1120 1733 Calvum
1153 1697 1200 1732 et
1235 1686 1403 1732 doctus
1434 1696 1635 1731 cantare
1669 1686 1932 1732 Catullum.

240 1799 450 1851 strictim
486 1797 736 1858 deCalvo
770 1797 1006 1862 disserui,
1042 1816 1101 1848 ea
1136 1797 1381 1867 copiosius
1414 1795 1497 1847 hic
1527 1808 1579 1848 et
1613 1798 1886 1850 accuratius
1932 1798 2165 1866 persequi
2212 1810 2287 1859 et,
2337 1816 2439 1868 quo
2485 1799 2660 1854 melius

237 1869 337 1919 loci
370 1869 505 1920 illius
539 1868 866 1936 perspiciatur
898 1868 972 1919 vis
1011 1877 1163 1934 atque
1195 1884 1425 1927 acumen,
1461 1865 1524 1917 de
1558 1869 1667 1931 ejus
1712 1865 2009 1918 carminibus
2042 1870 2229 1932 majore
2274 1884 2387 1918 cum
2424 1886 2543 1919 cura
2577 1887 2663 1921 ex·

277 1955 424 1987 onere
458 1937 701 1986 constitui.

238 1955 272 2006 P
375 2008 485 2057 Jam
496 2006 629 2054 'inter
644 2022 812 2054 omnes
836 2002 1009 2063 hodie,
1036 2013 1278 2071 quanmm
1298 2003 1462 2060 sciam,
1485 2003 1677 2052 Horatii
1689 2006 1988 2072 interpretes
1998 2004 2241 2063 convenit,
2267 2007 2498 2064 Calvum,
2520 2000 2659 2071 eujus

236 2085 468 2143 poemata
502 2075 827 2140 Hermogenes
862 2076 1068 2140 ejusque
1103 2073 1297 2129 simius,
1335 2072 1633 2131 Demetrius,
1673 2071 1965 2139 indignante
2001 2072 2198 2131 Flacco,
2233 2084 2514 2131 cantarent,
2550 2090 2662 2124 esse

238 2147 291 2192 G.
317 2145 564 2191 Licinium·
582 2142 816 2201 calvum,
852 2141 1209 2191 nobilissimum
1242 2140 1385 2189 illum
1420 2151 1664 2190 oratorem
1679 2177 1694 2199 ,
1731 2140 1981 2191 Ciceronis
2015 2142 2276 2208 aequalem
2310 2154 2362 2191 et
2396 2143 2661 2201 aemulum,

238 2224 290 2262 et
323 2214 535 2262 amicum
559 2210 753 2260 'Catulli
788 2221 993 2278 poetae,
1042 2227 1256 2277 quocum
1300 2208 1383 2260 hic
1429 2211 1748 2278 contemptim
1793 2221 1844 2259 et
1888 2211 2024 2260 satis
2047 2209 2289 2261 invidiose
2327 2212 2660 2278 componitur.

237 2280 296 2330 ld
331 2298 486 2351 quum
518 2283 617 2346 jam
654 2289 896 2329 testentur
928 2276 1227 2329 Scholiastae
1260 2277 1323 2328 ad
1356 2277 1404 2328 h.
1438 2279 1470 2328 l.
1486 2315 1500 2338 ,
1535 2279 1809 2329 mirabilem
1843 2277 2044 2329 admisit
2076 2296 2293 2329 errorem
2332 2282 2375 2327 I.
2410 2283 2468 2328 Β.
2507 2282 2660 2345 Carp-

237 2354 429 2407 mins,
468 2350 585 2417 qui,
620 2351 675 2397 P.
714 2344 954 2395 Crinitum
988 2349 1035 2394 d.
1066 2351 1198 2396 Poet.
1232 2352 1344 2395 Lat.
1377 2366 1420 2397 c.
1447 2365 1527 2397 20.
1577 2360 1798 2406 secutus,
1844 2350 1898 2396 in
1919 2349 2194 2396 -Paradoxo
2229 2351 2386 2396 Stoico
2414 2350 2658 2398 Aristonis

238 2418 345 2467 chii
372 2430 462 2468 etc.
493 2419 628 2485 Lips.
674 2423 820 2482 1742.
843 2433 907 2483 ⁶p.
946 2422 1048 2481 2¹4
1081 2433 1184 2482 αφ,
1221 2416 1456 2483 neglectis
1489 2427 1708 2467 veterum
1744 2417 2040 2484 scriptorum
2088 2417 2398 2474 testimoniis,
2448 2415 2654 2467 Calvum

237 2494 483 2537 oratorem
525 2497 561 2534 ‘a
612 2483 763 2534 Calvo
809 2492 958 2551 poeta
1006 2482 1248 2533 distinxit.
1318 2489 1398 2533 De
1446 2484 1595 2533 Calvo
1617 2495 1847 2545 ,ox-atone,
1893 2494 2092 2551 praeter
2125 2483 2348 2534 Editores
2385 2484 2655 2543 Ciceronis,

237 2556 453 2607 Senecae
485 2553 707 2605 Rhetoris
728 2551 1123 2615 et'Qni'ntiliani,
1159 2561 1190 2600 a
1212 2552 1394 2620 quihus
1412 2553 1592 2619 passim
1615 2552 1749 2602 illius
1775 2553 1960 2601 mentio
1982 2552 2234 2617 injicitur,
2268 2556 2376 2603 Jac.
2401 2555 2657 2620 Nicolajus

194 2655 203 2665 »
236 2627 432 2675 Ιοειιςὶε
462 2625 516 2675 in
533 2622 755 2675 -Gruteri
788 2620 927 2672 Thes.
962 2620 1085 2670 Crit.
1109 2622 1162 2670 Τ.
1192 2624 1255 2671 V.
1290 2625 1539 2690 pag-366.
1574 2625 1622 2671 J.
1656 2624 1719 2670 N.
1752 2623 1988 2670 Funccius
2008 2622 2070 2670 de
2092 2622 2220 2671 viril.
2243 2633 2342 2671 aet.
2369 2624 2515 2691 Ling.
2542 2626 2651 2671 Lae.

235 2693 287 2741 P.
313 2697 374 2742 Π.
411 2710 461 2767 p.
492 2709 550 2745 u
574 2701 797 2761 sqq.-et,
833 2694 969 2755 cujus
1002 2689 1132 2740 libri¹
1151 2690 1290 2741 nulla
1322 2689 1446 2739 mihi
1477 2689 1599 2740 haec
1632 2690 1866 2740 scribenti
1911 2691 2043 2740 facta
2075 2702 2153 2742 est
2194 2693 2368 2762 copia,
2416 2696 2654 2756 levesque

237 2759 296 2806 de
339 2765 573 2830 Bur-igny
614 2764 668 2811 in
714 2762 943 2808 Memoir.
991 2760 1050 2807 de
1085 2759 1356 2807 l’Aca'dem.
1393 2760 1441 2808 cl.
1477 2761 1697 2823 Inscript.
1735 2761 1788 2808 Τ.
1819 2762 1998 2810 XXXI.
2020 2777 2073 2828 p.
2102 2776 2200 2810 122
2224 2779 2333 2829 sqq.
2373 2760 2652 2827 singulatim

241 2838 591 2895 exposuerunt.
663 2832 829 2893 Quare
847 2828 908 2879 de
932 2829 1271 2893 oratoriaejus
1294 2829 1523 2878 facuitate
1549 2829 1731 2878 cursim
1753 2839 1947 2878 tantum
1980 2827 2069 2881 hie
2091 2828 2250 2879 dicam
2283 2841 2335 2879 et
2368 2828 2515 2886 nihil,
2548 2830 2653 2879 nisi

241 2913 372 2964 quae
407 2907 511 2944 tum
546 2899 728 2948 rectius
761 2897 1098 2948 constituenda
1132 2908 1237 2946 tum
1272 2896 1546 2966 supplenda
1580 2908 1723 2956 sunt,
1759 2898 2007 2965 prolixius
2040 2899 2277 2958 tractabo.

369 2962 522 3034 *Quod*
540 2967 772 3034 >primum
808 2967 871 3025 ad
907 2967 960 3018 C.
996 2967 1175 3021 Licinii
1210 2965 1346 3018 Calvi
1379 2966 1565 3016 natales
1601 2967 1806 3027 attinet,
1842 2967 2029 3020 Plinius
2050 2969 2107 3018 H.
2133 2968 2200 3018 N.
2227 2963 2335 3017 Lib.
2360 2968 2465 3019 vn.
2500 2984 2542 3017 c.
2570 2977 2647 3027 5ο.

236 3036 290 3084 Τ.
320 3038 401 3085 111.
439 3052 489 3105 p.
519 3048 635 3095 227.
671 3032 747 3097 ed.
774 3039 850 3088 Fr.
877 3036 998 3106 haec
1017 3037 1279 3090 memoriae
1305 3034 1553 3108 prodiditz
1586 3039 1638 3088 G.
1675 3039 1846 3089 Mario
1881 3040 1967 3088 Gn.
1999 3035 2214 3088 Carbone
2236 3038 2340 3083 ΙΙΙ.
2377 3039 2505 3086 Coss.
2531 3054 2576 3084 a.
2602 3039 2649 3085 d.

2378 3124 2403 3155 1
