2969 3547
211 65 283 127 4⁰
1265 71 1592 136 ““““““““““““.“,“.”ἲ

214 197 381 249 minus
402 196 464 246 de
484 195 621 267 Calvi
643 192 864 244 carmine
887 198 953 244 Jo
977 195 1219 264 inscripto
1245 194 1471 245 dubitem
1485 200 1509 253 ‚'
1535 192 1697 244 obstat
1720 192 1882 247 savii
1905 184 2246 252 tetfimfflum
2267 211 2323 254 'Q
2338 199 2480 270 qud
2498 198 2641 260 affort

213 267 586 334 Fragmentum,
623 260 771 311 absfl.
794 261 1051 333 Stephano
1077 266 1328 340 omissum.
1528 292 1529 295 =
2363 277 2365 279 ’
2551 305 2554 307 ,
2620 292 2625 305 ;

352 358 414 404 X.
450 353 652 427 Servius
673 353 736 402 ad
757 354 930 423 virgil.
958 357 1058 405 Ecl.
1082 359 1163 406 VI.
1186 365 1270 422 47.
1309 356 1486 406 Calvus
1509 357 1562 405 in
1583 360 1674 418 102

538 432 651 505 ΛΜ
684 448 831 513 virgo
866 440 1038 513 iizfezzae
1051 481 1065 504 ,
1101 434 1260 494 herbis
1286 429 1495 511 pasceris
1528 448 1723 520 agnaris.

351 540 438 585 xl.
475 536 668 587 Probus
691 536 1048 587 Grammaticus
1074 552 1152 602 ap.
1181 537 1241 586 Η.
1268 535 1572 603 Stephanum
1596 544 1645 603 Ρ.
1668 542 1732 602 4¹
1745 553 1788 584 1.

541 627 747 692 Frigida
770 627 886 687 jam
920 625 1080 671 celeris
1113 635 1356 689 vergatur·
1393 626 1605 671 Vestinis
1640 641 1742 671 ora.

126 778 130 785 Ι
214 718 301 770 sed
325 717 586 783 Putschius
609 736 664 796 Ρ..
688 716 831 779 1394.
857 713 1042 763 edidit:
1081 713 1257 762 Calvus
1279 714 1331 761 in
1357 733 1406 762 x.
1427 715 1637 779 Frigida
1638 713 1756 778 jam
1774 713 1914 762 celeri
1932 728 2203 783 peragrata
2213 710 2523 787 Borysthenis
2539 734 2640 767 ora.

215 786 438 838 Putscbii
463 796 813 836 correctionem
838 800 1030 839 versus,
1069 784 1169 831 sive
1189 781 1419 849 ingenio,
1458 783 1558 831 sive
1580 780 1732 830 codd
1760 783 1879 832 Mss.
1905 785 2199 835 auctoritate
2232 788 2443 847 factam,·
2472 804 2644 838 censeo

215 858 544 913 verissimum
571 869 671 900 non
697 851 817 900 item
842 852 896 898 in
922 861 1063 899 textu
1086 851 1264 908 Probi,
1288 852 1467 913 partim
1490 849 1554 898 ob
1579 850 1780 898 allatum
1802 850 1960 900 Servii
1984 851 2145 910 locum
2160 889 2174 912 ,
2198 851 2382 923 partim
2410 856 2645 924 quoniam

215 944 245 973 a
272 924 429 974 calvo
453 920 693 992 scriptum
716 937 818 969 esse
841 921 968 968 tanti
995 919 1207 967 ambitus
1231 937 1427 968 carmen
1450 917 1714 967 admodum
1734 918 2064 988 improbabile
2086 931 2186 979 est,
2222 933 2282 970 ut
2302 940 2450 991 supra
2482 941 2531 987 p.
2563 929 2643 974 26.

213 1008 508 1042 monuimus.

353 1084 461 1129 ΧῙῙ·
498 1079 776 1129 Priscianus
800 1078 908 1127 Lib·
934 1080 1016 1126 ῙΧ·
1045 1096 1084 1126 0·
1112 1092 1158 1136 8·
1183 1084 1364 1146 p·459.
1393 1080 1445 1126 Τ.
1462 1081 1497 1127 1.
1523 1081 1603 1125 ΚΥ.
1629 1077 1805 1129 Calvus
1826 1079 2076 1128 connivere
2105 1078 2354 1130 infinitum
2384 1079 2647 1130 secundum

215 1150 411 1201 tertiam
436 1150 835 1215 conjugationem
860 1158 1084 1215 correpta
1111 1148 1382 1214 penultima
1405 1147 1644 1215 protulitx
2096 1152 2098 1154 ’

461 1292 465 1297 ·
543 1265 671 1311 Cum
702 1263 873 1328 gravis
908 1249 1097 1329 ingenti
1132 1263 1382 1310 connivere
1415 1254 1603 1326 pupula
1636 1275 1819 1309 somno.

354 1379 485 1425 xm.
524 1374 776 1424 Charisius
797 1376 854 1424 L.
891 1378 927 1423 1.
956 1393 1006 1443 p.
1036 1379 1116 1423 61.
1154 1378 1205 1424 P.
1242 1376 1401 1423 Alvus
1435 1375 1673 1423 feminino
1708 1389 1887 1440 genere
1921 1373 2154 1442 Virgilius
2187 1390 2340 1445 saepe
2372 1374 2526 1435 dixit,
2563 1375 2647 1426 sed

216 1445 489 1497 masculino
527 1443 730 1494 Calvus:
809 1474 811 1477 ·

541 1559 723 1604 Partus
756 1558 970 1622 gravido
1002 1556 1235 1621 portabat
1268 1559 1318 1605 in
1352 1559 1479 1606 alvo.

216 1665 277 1712 Η.
306 1661 343 1712 S.
428 1658 621 1709 hunum
646 1656 861 1726 uterque
883 1660 1141 1726 praeteriit
1161 1676 1327 1708 versus
1344 1694 1356 1715 ,
1384 1676 1549 1725 quem,
1574 1658 1664 1726 qui
1693 1657 1886 1708 noverit
1906 1658 1993 1709 Jus
2015 1672 2205 1709 errores
2231 1669 2282 1709 et
2304 1659 2404 1708 fata
2419 1695 2433 1719 ,
2459 1675 2647 1711 mecum

219 1748 284 1779 ex
308 1745 368 1779 eo
406 1746 485 1777 em
505 1726 821 1794 desumptum
844 1732 1071 1793 poemate
1097 1726 1440 1794 suspicabitur.

348 1832 489 1885 XIV.
528 1827 777 1878 Charisius
801 1829 858 1876 L.
886 1832 925 1876 1.
948 1846 998 1895 p.
1033 1844 1143 1878 120.
1169 1831 1221 1878 P.
1246 1829 1298 1876 in
1326 1846 1369 1877 v.
1397 1828 1587 1893 unguis.
1623 1826 1843 1876 Licinius
1870 1825 2045 1878 Calvus
2064 1802 2116 1877 in
2138 1831 2393 1895 poematez

547 1933 707 1998 Vaga
741 1930 949 1975 candida
984 1929 1206 1997 nympha
1221 1965 1234 1987 ,
1271 1930 1402 1994 quod
1434 1940 1557 1976 secet
1592 1930 1762 1995 ungui.

220 2037 356 2085 Haec
378 2033 528 2084 verba
548 2050 611 2081 ex
634 2033 848 2099 elegiaco
872 2032 1088 2081 carmine
1107 2031 1337 2081 videntur
1360 2030 1484 2080 mihi
1504 2040 1761 2098 excerpta,
1784 2047 1885 2097 quo
1910 2032 2201 2082 Hexametri
2223 2029 2371 2082 finem
2384 2032 2653 2090 constitue·

218 2105 325 2152 rint
346 2113 395 2151 et
417 2103 616 2150 initium
637 2101 959 2155 Pentametri;
998 2100 1082 2147 sed
1104 2099 1413 2147 Broukhusio
1441 2098 1503 2168 ad
1530 2101 1751 2166 Propert.
1775 2100 1828 2146 L.
1857 2102 1895 2145 1.
1919 2099 1978 2147 el.
2007 2115 2087 2148 20.
2117 2117 2161 2149 v.
2188 2113 2269 2161 59.
2304 2110 2377 2150 est
2407 2101 2653 2168 fragmen·

223 2182 331 2220 tum
353 2170 583 2219 carminis
605 2168 848 2233 glyconici
864 2202 879 2224 ,
916 2166 1053 2232 quod
1077 2167 1303 2233 suppleto
1326 2167 1566 2216 vocabulo
1588 2167 1659 2214 ita
1679 2164 2035 2215 restituendum
2062 2176 2224 2215 censet
2237 2184 2252 2215 z
2317 2177 2322 2181 ”

547 2281 734 2329 Lilium
768 2297 908 2347 vaga
941 2282 1146 2327 candido

546 2349 794 2416 Nympha
828 2351 959 2413 quod
990 2361 1115 2397 secet
1149 2350 1318 2415 ungui.

221 2467 298 2515 De
320 2475 534 2530 utraque
560 2481 698 2513 casus
724 2464 851 2514 sexti
875 2463 1035 2513 forma
1058 2481 1225 2532 ungue
1249 2473 1299 2512 et
1314 2440 1482 2530 *ungui
1507 2462 1700 2532 ablegat
1725 2482 1816 2516 nos
1852 2463 1916 2513 ad
1931 2450 1933 2453 .
1948 2464 2178 2517 Priscian.
2202 2462 2313 2513 Lib.
2338 2464 2437 2514 vll.
2476 2472 2539 2521 (c.
2574 2477 2653 2525 15.

224 2553 274 2602 Ρ.
305 2546 423 2593 558.
447 2535 499 2580 T.
513 2535 549 2580 1.
573 2535 672 2593 Kr.)
710 2531 933 2583 Servium
958 2531 1034 2581 ad.
1057 2533 1189 2600 Virg.
1213 2535 1336 2582 Aen.
1364 2532 1474 2581 Lib.
1491 2534 1571 2582 IX.
1596 2541 1773 2601 v.474.
1809 2544 1859 2584 et
1883 2535 2107 2584 vossium
2132 2532 2180 2582 (ἶ.
2201 2532 2343 2583 Anal.
2366 2534 2494 2582 L.11.
2517 2535 2651 2585 αἰεὶ.

227 2619 360 2670 quae
384 2611 554 2651 nostra
576 2603 813 2651 memoria
836 2601 1029 2653 doctius
1050 2603 1285 2670 exposuit
1307 2601 1360 2651 C.
1395 2604 1452 2652 L.
1479 2601 1766 2653 Schneider.
1791 2605 1845 2653 in
1879 2603 1964 2654 Gr.
2003 2606 2112 2652 Lat.
2147 2601 2276 2652 Sect.
2300 2604 2359 2649 11.
2387 2617 2429 2649 ι.
2464 2618 2513 2668 Ρ.
2539 2606 2653 2654 226.

367 2705 474 2754 XV.
512 2704 799 2752 Macrobius
828 2705 1026 2753 Saturn.
1040 2708 1120 2754 111.
1134 2723 1175 2755 c.
1191 2720 1237 2766 3.
1275 2707 1397 2755 Nam
1412 2716 1461 2755 et
1475 2705 1609 2775 apud
1622 2705 1825 2760 Calvum
1838 2707 2129 2757 Actes-ianus
2143 2701 2356 2754 affirmat
2367 2703 2627 2774 legendum
2637 2724 2654 2759 ε

555 2806 909 2871 Pollentemque
943 2809 1089 2857 deum
1126 2811 1382 2858 Venerem.
1575 2853 1579 2855 μ
2657 2779 2762 2859 R

235 2928 334 2975 quo
356 2909 410 2957 in
434 2909 544 2958 loco
567 2910 770 2957 Vossius
792 2887 854 2955 sd
876 2910 1047 2956 catull.
1072 2929 1121 2976 p.
1151 2925 1264 2973 259.
1293 2913 1439 2957 deum
1465 2930 1558 2981 per
1580 2912 1842 2982 Syncopen
1876 2928 1971 2983 pro
2002 2911 2201 2967 deorum
2233 2909 2416 2959 dictum
2447 2912 2653 2983 putavit,

232 2988 285 3026 et
310 2979 378 3027 sic
400 2977 510 3036 alii,
549 2996 676 3046 quos
698 2979 1009 3030 Burmannus
1031 2978 1134 3028 Sec.
1157 2979 1232 3029 ad.
1254 2979 1459 3030 Anthol.
1496 2983 1603 3031 Lat.
1641 2983 1694 3030 Τ.
1721 2985 1757 3028 1.
1792 2998 1843 3048 p.
1871 2980 1987 3043 670.
2023 2979 2208 3039 attulit,
2245 2979 2329 3030 sed
2359 2979 2565 3030 frustra:
2600 2978 2654 3027 id
