2969 3547
233 85 293 118 10
1285 94 1609 123 ε-Ι-ι--ι--ο

223 224 393 257 senem
430 204 787 277 praegrandem
822 203 1051 276 quidem,
1088 206 1174 259 sed
1206 220 1431 277 vegetum
1463 208 1627 267 adhuc
1676 211 1973 281 01:015an
2000 212 2186 272 3ὴᾶἱῇ
2225 211 2475 278 deditam·
2526 218 2658 274 ΠΜ

224 286 381 344 quum
419 294 448 324 a
472 276 669 339 -Vellejo
706 275 902 325 dicatur
932 277 1084 329 fuisse
1124 279 1259 335 Bello
1290 280 1824 346 Numantino-juvenis
1855 279 1917 334 h.
1950 290 2241 350 euquump
2262 286 2494 355 deposita-
2517 305 2661 358 prae-

223 356 382 401 texta,
419 345 706 407 sumpsisset
745 355 909 413 togam
937 347 1159 404 virilem,
1198 345 1333 414 quod
1371 347 1458 394 ilio
1496 358 1733 416 tempore-
1758 351 1943 406 factum
1975 354 2085 405 ,eote
2118 358 2657 412 commentarium&

223 414 325 462 fere
360 414 568 475 septimo
590 411 808 475 decimo,
845 432 1045 467 necesse
1068 426 1141 466 est
1161 426 1304 476 natus
1331 416 1406 470 *sit
1442 433 1520 464 an.
1558 418 1616 465 V.
1641 417 1908 486 02:694*
1937 425 2052 479 605.
2084 419 2169 478 ita-
2187 431 2258 469 ut·
2282 434 2433 475 senex
2455 455 2457 457 ν
2620 435 2645 449 ”

221 482 450 548 genarius
472 473 774 549 ‚opusillud
808 480 1098 533 historicum
1132 483 1395 550 scripserit.
1457 479 1638 536 Verum
1663 497 1856 547 tamen,
1881 506 1956 544 ¹ne·
1978 486 2107 556 quid
2121 487 2456 547 disdmulemc
2490 443 2659 557 Penei!

220 549 312 598 hac
342 550 396 597 in
435 567 493 599 re
528 548 675 599 fidem
713 550 913 600 dubiam
946 550 1140 602 videtur
1169 551 1331 601 facere
1364 550 1563 609 Cicero,
1587 554 1736 620 qui,-
1767 555 1880 606 uhiw
1904 557 2495 625 autorem->quibuscum
2519 600 2521 605 ,
2549 558 2660 627 ipse

219 619 346 671 vixit
369 619 666 689 viguitque,
701 629 955 687 percenset
985 620 1038 669 in
1070 620 1206 670 Brut.
1255 637 1295 673 c·
1334 625 1403 687 64
1447 619 1511 671 de
1544 612 1883 682 Sisennaita‘
1912 626 2147 694 exponit.
2204 622 2458 694 Inferioris
2490 637 2660 676 nutem

221 688 397 737 aetatis
434 698 544 736 erat
575 689 827 754 promimus
860 691 916 735 L.
948 687 1172 751 Sisenna,
1208 689 1378 738 doctus
1410 690 1489 738 vir
1519 700 1570 738 et
1611 692 1783 741 studiis
1825 694 2022 758 optimis
2060 694 2278 756 deditus,
2323 694 2440 747 bene
2485 697 2659 749 Latine

220 757 442 820 loquens,
476 772 668 823 gnarus
701 755 1014 818 reipublicae,
1049 772 1149 819 non
1183 760 1283 804 sine
1304 755 1541 823 facetiiss
1573 761 1658 808 sed
1689 761 2052 824 neque,labor·is
2084 765 2261 822 multi,
2292 779 2378 811 nee
2397 767 2658 813 samm·

218 835 355 872 satus
395 826 444 871 in
486 825 666 879 causi-53
719 824 1084 890 interiectusque
1119 827 1245 874 inter
1279 826 1403 875 duas
1440 837 1647 886 aetates,
1685 830 1938 888 Hortensii·
1954 826 2263 895 et'ySulpicii,
2299 845 2404 880 nee?⁴
2420 832 2659 896 majorem

220 889 439 957 consequi
469 903 689 957 poterat,
719 904 773 940 et
797 895 975 940 minori
1008 909 1193 960 necesse
1241 906 1351 949 erat
1397 895 1573 944 cedere.
1649 898 1936 957 »Postremis-
1962 896 2111 963 hujus
2156 898 2254 949 loci
2299 898 2460 953 verbis
2504 916 2660 967 quum

219 961 517 1018 Wetzelius,
554 972 750 1011 secutus
784 961 845 1012 G.
880 964 922 1013 J.
960 963 1193 1013 vossium
1217 962 1265 1028 d.
1300 964 1426 1014 Hist.
1461 966 1575 1027 Lat.
1606 965 1717 1015 Lib.
1749 983 1798 1025 i.
1826 985 1867 1017 c.
1896 978 1985 1017 io.
2008 984 2061 1036 p,
2083 974 2202 1040 4⁹⁶*
2232 966 2495 1035 significari
2514 967 2660 1021 arbi·-

219 1041 407 1088 tratur,
447 1029 726 1081 Sisennam
785 1041 946 1082 aetate
996 1031 1311 1099 grandiorem
1367 1033 1519 1083 fuisse
1573 1036 1836 1085 Hortensio
1850 1072 1864 1094 ‚
1909 1037 2157 1101 juniorem
2191 1046 2371 1087 *autem
2415 1037 2658 1106 Sulpicio,

218 1099 484 1150 admodum
520 1116 719 1158 vereor,
757 1118 820 1149 ne
852 1101 1000 1150 Tullii
1032 1101 1192 1150 verbis
1231 1119 1398 1151 sensus
1433 1101 1721 1165 subjiciatur
1763 1104 1912 1170 plane
1960 1104 2213 1154 absurdus.
2296 1107 2421 1155 Nam
2453 1108 2505 1155 P.
2546 1105 2662 1156 Sul-

215 1170 375 1236 picius
413 1168 598 1225 Rufus,
634 1185 850 1217 summus
891 1186 1006 1217 suae
1045 1170 1217 1218 aetatis
1262 1181 1460 1226 orator,
1498 1187 1655 1237 quum
1690 1189 1733 1220 a.
1768 1173 1824 1221 V.
1863 1171 1917 1220 C.
1953 1175 2069 1232 θεοῖ.
2114 1173 2179 1221 sit
2211 1183 2385 1230 natus,
2420 1175 2568 1241 utqui
2589 1175 2655 1224 ·in

214 1238 349 1285 Brut.
389 1254 428 1285 c.
455 1250 535 1293 33.
573 1236 741 1301 decem
775 1238 915 1286 annis
940 1230 1107 1300 major*
1129 1236 1323 1302 dicatur
1352 1240 1646 1300 Hortensio,
1681 1256 1830 1307 quem
1862 1259 1907 1301 a.
1937 1239 2091 1299 Vec-
2123 1246 2239 1306 640.
2277 1242 2657 1309 prim-inritae

215 1306 378 1363 lucem
412 1301 592 1356 vidisse
617 1316 846 1363 constat,
883 1324 947 1354 ex
981 1307 1075 1355 ista
1115 1305 1699 1374 interpretandi-ratione
1730 1314 2049 1374 sequeretur,
2083 1309 2139 1358 1..
2160 1309 2427 1364 Sisennam
2457 1310 2658 1368 circiter
2752 1333 2760 1339 ·

217 1393 294 1422 an.
331 1375 388 1422 V.
433 1372 486 1423 C.
527 1378 628 1432 655
665 1373 815 1423 fuisse
849 1384 1039 1423 natum.
1113 1373 1171 1423 Id
1202 1385 1260 1426 ut
1291 1385 1463 1425 contra
1494 1374 1734 1426 disertum
1757 1376 1933 1440 Velloji
1954 1376 2289 1427 testimonium
2311 1376 2649 1435 concedamus,

218 1441 407 1491 adeone
449 1441 737 1492 Ciceronem
768 1441 1003 1491 credibile
1039 1453 1113 1491 est
1151 1444 1235 1493 ine
1275 1444 1433 1500 tiisse‚
1469 1454 1526 1492 ut
1561 1444 1704 1511 quasi
1749 1443 2071 1502 mirabundus
2102 1444 2362 1503 scriberet,
2399 1445 2654 1495 Sisennam

213 1511 352 1560 vitae
386 1512 529 1560 annis
563 1528 665 1559 non
695 1512 917 1578 potuisse
953 1514 1190 1580 consequi
1226 1461 1502 1580 §ulpicium
1534 1521 1655 1560 natu
1679 1516 1916 1578 majorem
1948 1523 2001 1563 et
2026 1531 2222 1575 necesse
2244 1514 2423 1573 fuisse,
2459 1512 2658 1564 cederet

212 1589 372 1629 aetate
414 1580 677 1629 Hortensio
725 1591 845 1629 natu
892 1578 1115 1629 minori?
1175 1582 1356 1631 Verum
1403 1582 1535 1631 enim
1576 1597 1719 1638 vero,
1766 1599 1925 1647 quum
1974 1582 2146 1642 Cicero
2183 1582 2276 1633 hac
2306 1584 2656 1632 inor-aterum

212 1649 504 1697 recensione
533 1649 589 1697 1..
626 1647 884 1711 Sisennam
918 1646 1053 1698 dicat
1090 1648 1341 1699 inferioris
1377 1648 1905 1714 aetatis-proximum,
1924 1649 2247 1718 manifestum
2282 1659 2387 1709 est,
2421 1667 2524 1701 non
2553 1660 2655 1701 tam

215 1716 277 1767 de
311 1716 516 1766 illorum
547 1717 700 1766 annis*
722 1715 997 1774 natalibus,
1035 1733 1184 1784 quam
1223 1717 1287 1765 de
1318 1720 1562 1766 Romanae
1595 1716 1912 1784 eloquentiae
1958 1717 2201 1769 aetatibus
2250 1716 2335 1768 hic
2373 1735 2481 1768 esse
2521 1719 2657 1786 cogi·

214 1783 462 1844 tandum,
482 1781 695 1853 quarum
731 1785 943 1852 primam
974 1785 1197 1836 videmus
1233 1786 1295 1835 ab
1331 1802 1389 1835 eo
1428 1784 1687 1834 deductam
1711 1785 1773 1833 ad
1799 1785 1919 1836 belli
1939 1787 2115 1837 Punici
2137 1790 2185 1835 11
2210 1784 2382 1845 finem,
2417 1796 2469 1835 et
2485 1803 2658 1847 secun·

213 1854 327 1904 dam
364 1853 533 1904 Sullae
554 1871 664 1902 cum
689 1855 876 1904 victore
898 1855 1121 1903 exercitu
1142 1854 1193 1902 in
1216 1852 1412 1903 Italiam
1437 1852 1600 1903 reditu
1621 1855 1930 1909 terminatam
1951 1871 1993 1902 a.
2008 1858 2064 1902 V.
2079 1853 2263 1915 C.672.
2286 1871 2388 1923 quo
2410 1864 2659 1924 tempore,

213 1934 271 1972 ut
305 1925 357 1971 in
393 1924 528 1971 Brut.
562 1941 600 1971 c.
632 1928 715 1982 63.
742 1923 775 1970 f.
810 1924 906 1980 ait,
945 1922 1191 1989 quaedam
1223 1924 1276 1970 in
1313 1924 1424 1971 foro
1453 1933 1558 1970 erat
1597 1922 1660 1970 ab
1696 1922 1973 1970 oratoribus
2021 1922 2269 1979 solitudo,
2314 1940 2426 1971 cum
2457 1925 2508 1971 P.
2545 1923 2657 1972 Sul-

211 1992 373 2061 picius
409 1991 562 2042 Rufus
599 1990 663 2040 ab
694 1990 833 2040 Sulla
868 1989 1049 2040 reduce
1093 1992 1398 2059 proscriptus
1446 1989 1729 2055 occidisset,
1751 2000 1816 2053 vet
1852 1991 2003 2040 ceteri
2037 2001 2124 2039 aut
2150 1991 2377 2039 abessent
2405 1990 2531 2057 urbe
2568 2001 2656 2040 aut

213 2062 483 2128 contempti
510 2064 736 2127 jacerent
766 2072 816 2108 et
841 2066 1079 2120 tacerent.
1154 2053 1318 2109 Tertia
1350 2057 1566 2122 denique
1596 2058 1910 2126 eloquentiae
1963 2069 2124 2117 aetas,
2167 2059 2512 2120 excellentium
2550 2076 2657 2109 ora·

214 2142 382 2178 torum
417 2123 740 2185 feracissima,
775 2129 830 2176 in
861 2147 963 2195 qua
999 2126 1172 2177 Cicero
1196 2129 1305 2195 ipse
1327 2127 1589 2194 regnabat,
1625 2127 1904 2195 principem
1936 2123 2114 2175 habuit
2134 2144 2193 2191 ac
2211 2126 2365 2177 veluti
2389 2124 2510 2180 chor

213 2199 275 2261 Q.
322 2196 668 2253 Hortensium,
720 2197 835 2263 qui,
885 2214 1041 2263 quum
1098 2193 1412 2263 undeviginti
1468 2194 1750 2245 adolescens
1805 2209 2073 2254 annorum,
2117 2196 2176 2244 L.
2225 2195 2417 2256 Licinio
2458 2195 2654 2254 Crasso,

216 2277 413 2315 oratore
447 2265 537 2314 illo
576 2264 731 2314 Caelii
760 2261 1017 2331 Antipatri
1048 2263 1312 2333 disciplina
1332 2262 1567 2329 erudito,
1603 2273 1654 2313 et
1694 2264 1755 2326 Q.
1792 2264 1961 2313 Mucio
1987 2263 2222 2314 Scaevola
2255 2263 2388 2314 Coss.
2424 2281 2467 2312 a.
2501 2266 2557 2315 V.
2597 2263 2651 2314 C.

213 2340 331 2398 659.
371 2335 424 2383 in
463 2333 675 2385 dicendo
708 2334 959 2402 posuisset
991 2334 1300 2392 tirocinium,
1339 2350 1467 2401 quo,
1506 2342 1564 2380 ut
1596 2331 1848 2381 Ciceronis
1885 2342 2000 2382 utar
2021 2331 2212 2390 verbis,
2248 2334 2354 2397 ejus
2380 2332 2651 2399 ingenium,

210 2415 271 2452 ut
320 2402 523 2460 Phidiae
568 2404 790 2469 signum,
836 2402 981 2452 simul
1013 2402 1301 2470 adspectum
1353 2412 1404 2451 et
1422 2436 1425 2439 ·
1446 2401 1710 2470 probatum
1759 2411 1859 2458 est,
1894 2400 1950 2448 in
1994 2400 2091 2449 hoc
2123 2402 2491 2468 eloquentium,
2527 2416 2654 2469 quos

212 2472 413 2521 Latium
451 2473 654 2530 tulerat,
684 2470 948 2520 ,hominum
985 2488 1133 2520 censu
1167 2489 1196 2519 a
1231 2470 1485 2521 Cicerone-
1504 2488 1616 2518 cum
1648 2468 1927 2521 oratoribus
1945 2468 2160 2538 disparis
2191 2471 2364 2518 aetatis
2398 2479 2505 2518 erat
2524 2486 2656 2517 eom·

212 2539 490 2611 ponendus.
572 2542 798 2590 Natalem
861 2542 993 2589 enim
1027 2542 1109 2604 -Q.
1160 2541 1412 2591 Hortensii
1471 2556 1654 2587 annum
1701 2539 2039 2608 primamque,
2070 2546 2240 2606 'quam
2273 2538 2327 2586 in
2358 2537 2470 2586 foro
2502 2535 2652 2601 dixit,

213 2628 412 2660 causam
444 2610 487 2658 si
526 2622 738 2678 spectas,
776 2609 1020 2659 secundae
1049 2610 1136 2659 ille
1171 2611 1345 2658 aetatis
1390 2608 1718 2658 accensendus
1754 2619 1862 2657 erat
1894 2607 2202 2665 oratoribus,
2239 2623 2452 2673 quornm
2478 2622 2651 2673 agmen

215 2679 481 2730 claudebat
515 2681 565 2727 P.
605 2678 854 2746 Sulpicius
885 2680 1064 2735 Rufus3
1102 2679 1144 2728 si
1176 2696 1293 2729 vero
1328 2678 1619 2746 singularem
1653 2680 1759 2743 ejus
1795 2677 1848 2726 in
1875 2675 2088 2730 dicendo
2107 2677 2341 2727 virtutem
2363 2692 2421 2724 ac
2449 2673 2653 2726 faculta-

213 2762 311 2799 tem
346 2757 566 2817 spectas,
603 2748 657 2795 in
694 2749 838 2796 tertia
868 2749 1183 2817 eloquentiae
1220 2758 1382 2796 aetate
1426 2747 1666 2797 familiam
1713 2744 1952 2804 ducebat,
2001 2745 2226 2816 quamvis
2274 2745 2374 2808 jam
2406 2745 2651 2812 superiori

216 2819 505 2872 eminuisset
539 2827 715 2866 aetate.
753 2837 770 2884 ᾗ
800 2818 937 2866 Hauc
984 2818 1140 2883 igitur
1189 2817 1456 2886 rationem*
1482 2834 1637 2885 quum
1684 2814 1912 2887 Ciceroni
1940 2815 2181 2886 >placeret
2230 2812 2400 2880 sequi,
2436 2811 2650 2875 scribere

213 2898 435 2954 poterat,
474 2904 524 2935 se
559 2885 815 2935 Hortensii
840 2895 1046 2933 aetatem
1078 2887 1132 2951 in
1166 2883 1412 2953 disparem
1445 2897 1697 2944 oratorum
1742 2894 1953 2933 aetatem
1989 2879 2256 2940 includere.
2326 2882 2649 2939 Deoratoria

214 2966 378 3002 autern
417 2956 655 3004 Sisennae
691 2953 923 3017 facultate
961 2954 1032 3001 ita
1062 2952 1329 3016 judicavit,
1379 2952 1596 3003 medium
1636 2966 1693 3002 ut
1729 2953 1777 3001 ei
1802 2951 2078 3018 'assignaret
2116 2949 2247 2999 inter
2284 2949 2556 3031 Sulpicium
2598 2959 2650 3019 et

212 3026 530 3072 Hortensium
564 3026 728 3073 locum
765 3023 983 3089 'eumque
1015 3022 1146 3070 inter
1181 3021 1302 3071 duas
1333 3020 1380 3071 h.
1420 3042 1462 3072 e.
1499 3021 1763 3072 secundam
1796 3030 1846 3070 et
1880 3018 2100 3078 tertiam,
2135 3017 2444 3085 eloquentiae
2465 3026 2646 3070 aetates
