2969 3547
230 66 292 115 16
1278 67 1729 96 -----···-

224 204 403 250 aetatis
437 215 563 248 anno
605 203 660 247 L.
703 203 906 249 Crassus
941 204 994 250 C.
1036 201 1304 251 Carbonem
1318 239 1332 262 ,
1370 218 1465 251 uno
1498 213 1547 250 et
1582 201 1817 252 vicesimo.
1836 203 2017 257 Caesar:
2046 204 2384 265 Dolabellam,
2419 207 2574 254 altero
2600 215 2651 253 ‘et

225 272 454 320 vicesimo
491 271 689 316 Asinius
724 270 880 319 Pollio
917 274 969 319 C.
1000 275 1259 331 Catonem,
1296 288 1392 319 non
1435 273 1598 320 multo
1638 282 1799 320 aetate
1842 271 2134 319 antecedens>
2171 274 2350 322 Calvus
2395 277 2652 324 Vatinium

225 342 281 387 iis
308 335 601 385 orationibus
641 339 842 386 insecuti
876 351 1015 397 sunt,
1048 358 1175 403 ⁴quas
1200 340 1430 405 hodieque
1457 357 1569 387 cum
1594 341 1913 388 admiratione
1937 340 2146 407 legimus
2153 354 2172 387 ·.·
2244 339 2344 389 uae
2367 343 2516 403 verba
2536 360 2658 393 cave

224 409 293 457 ita
328 406 545 475 accipias
574 423 688 456 cum
718 407 892 474 Pighio
931 410 1059 458 Ann.
1099 411 1150 457 Τ.
1187 411 1271 457 111.
1306 427 1357 477 p.
1388 413 1515 476 560.ι
1538 419 1596 476 et
1623 410 1682 458 N.
1719 408 1877 476 Fabro
1914 407 1978 469 ad
2012 408 2181 459 Senec-
2291 414 2530 475 utrov-.1L.
2568 413 2652 468 111,

228 493 303 537 19.
340 493 391 542 p.
421 480 540 535 256,
575 475 627 524 T.
653 478 734 527 111.
759 475 1025 526 Amstelod.
1057 491 1202 539 1772.
1229 495 1287 526 ac
1312 477 1359 542 si
1378 476 1564 528 Calvus
1597 494 1699 527 non
1730 474 1886 528 multo
1911 475 2222 529 antecesserit
2244 488 2402 538 aetate
2424 475 2655 539 Pollioni,

223 561 371 609 quem
407 562 450 591 a.
479 547 539 591 V.
565 542 617 595 C.
654 542 768 606 673.
806 544 1017 613 primam
1058 540 1237 594 vidisse
1271 543 1432 594 lucem
1468 549 1684 602 constat,
1722 550 1879 614 quum
1914 547 2224 597 manifestum
2249 539 2350 605 sit,
2386 549 2653 597 Auctorem

220 613 356 662 illius
392 612 590 679 Dialogi
628 612 682 660 id
716 630 816 661 non
857 623 1125 680 spectasse,
1162 623 1247 669 ut,
1286 623 1398 661 uter
1434 624 1555 661 natu
1578 616 1737 676 major
1757 615 1980 665 minorve
2002 615 2156 673 altero
2176 625 2328 672 esset,
2365 615 2655 684 exponeret,

220 679 304 731 sed
340 692 453 730 uter
492 699 661 733 eorum
700 691 857 731 aetate
896 682 1064 744 junior
1141 698 1200 730 ro
1233 678 1406 731 rostris
1428 680 1756 748 eloquentiae
1797 683 2023 750 posuerit
2059 684 2353 734 tirocinium.
2426 681 2478 732 1d
2503 679 2654 751 quam

219 767 391 800 verum
416 751 507 807 sit,
533 750 676 798 fac-ile
701 759 773 797 est
795 749 1073 806 intellectu,
1102 699 1228 798 duce
1254 749 1589 818 chronologia.
1638 750 1694 799 L.
1715 750 1935 801 Licinius
1960 750 2166 808 Crassus
2189 753 2320 802 euim
2335 751 2386 802 C.
2401 752 2655 820 Papirium

222 819 522 874 Carbonem,
544 817 795 867 hominem
818 818 1180 882 nobilissimum
1204 829 1255 866 et
1278 819 1737 886 eloquentissimum
1753 854 1767 878 ,
1787 830 1903 889 post
1926 819 2216 883 Consulatus
2240 826 2349 870 cum
2373 823 2422 872 P.
2444 820 2653 871 Manilio

226 906 303 935 an.
343 889 397 935 V.
436 885 488 932 C.
530 889 645 952 634.
687 886 1022 945 functionem,
1059 883 1111 936 in
1149 886 1391 952 judicium
1423 889 1621 936 vocavit
1656 906 1733 936 an.
1770 893 1827 936 V.
1868 888 1920 937 C.
1957 894 2102 949 635„
2143 906 2310 950 anuos·
2333 899 2476 939 natus
2501 906 2651 939 unum

220 966 269 1003 et
309 954 516 1020 viginti,
554 965 611 1001 ut
643 955 750 1022 ipse
788 957 859 1001 ait
892 973 970 1022 ap.
1008 954 1165 1005 Cicer.
1200 955 1246 1003 d.
1282 955 1417 1004 Orat·
1451 954 1559 1004 Lib.
1594 955 1673 1004 111.
1699 974 1739 1004 c.
1766 972 1847 1006 20.
1871 957 1944 1004 ita
1965 967 2023 1005 ut
2046 962 2233 1007 Auctor
2253 956 2378 1006 Dial.
2403 955 2450 1005 d.
2477 955 2655 1014 Oratt,
2692 962 2698 967 '

222 1033 307 1071 aut
355 1021 622 1077 erraverit,
674 1032 786 1078 aut,
838 1022 973 1087 quod
1010 1022 1133 1072 mihi
1169 1023 1480 1071 verisimilius
1524 1034 1622 1080 est,
1659 1024 1852 1072 librarii
1887 1024 2142 1072 oculorum
2177 1024 2486 1073 aberratione
2529 1024 2576 1072 la
2615 1024 2657 1074 si

217 1090 448 1139 vitiosum
486 1106 746 1136 numerum
784 1090 957 1153 signiS,
997 1106 1095 1139 non
1123 1089 1284 1140 verbis
1309 1106 1624 1157 expressum,
1651 1091 1809 1137 textui
1842 1090 2128 1138 intulerintz
2166 1089 2396 1150 unde‘tot
2418 1093 2472 1140 in
2496 1091 2566 1140 Co
2603 1091 2650 1139 d.
2696 1126 2705 1131 -

217 1160 334 1206 Mss.
372 1174 562 1207 errores
594 1168 785 1207 constat
821 1169 953 1206 ortos
992 1175 1095 1209 esse
1108 1175 1123 1212 ;
1160 1156 1222 1204 de
1270 1159 1381 1224 ipsa
1420 1156 1583 1205 Crassi
1633 1157 1826 1220 actione
1869 1155 1966 1205 vicl.
2004 1157 2147 1207 Beier
2180 1156 2242 1206 ad
2279 1159 2376 1206 Cic.
2414 1157 2462 1206 d.
2504 1156 2649 1215 Offic.

216 1225 326 1276 Lib.
366 1228 426 1273 11.
468 1241 571 1291 cap.
603 1239 680 1282 13.
720 1227 772 1274 T,
818 1242 891 1271 ιι.
927 1244 976 1293 p.
1018 1242 1101 1286 92.
1153 1224 1315 1276 Simili
1350 1223 1497 1272 modo
1521 1236 1691 1273 natum
1715 1220 1939 1293 suspicor
1964 1223 2234 1290 dissensum
2270 1222 2565 1293 scriptorum
2591 1225 2654 1276 de

220 1294 271 1343 C.
310 1293 442 1345 Julio
482 1292 713 1348 Caesare,
754 1293 843 1357 qui
878 1293 964 1341 Cn.
1003 1291 1294 1355 Cornelium
1334 1290 1667 1349 Dolabellam,
1704 1292 2022 1345 consularem.
2038 1303 2088 1343 et
2109 1292 2452 1362 triumphalem
2476 1294 2651 1352 virum,

217 1360 606 1429 repetundarum
640 1362 882 1410 accusavit
913 1380 953 1409 a.
994 1364 1047 1409 V.
1088 1360 1141 1410 C.
1173 1359 1286 1422 677.
1326 1362 1384 1410 D.
1419 1362 1566 1411 Junio
1603 1363 1755 1410 Bruto
1800 1372 1851 1409 et
1891 1362 1978 1426 M,
2013 1362 2225 1412 Aemilio
2274 1361 2464 1430 Lepido
2504 1361 2652 1419 Coss..

291 1448 321 1481 o
369 1447 498 1479 anno
552 1429 731 1481 Caesar
777 1439 1009 1497 quartum
1060 1440 1108 1477 et
1156 1431 1447 1495 vigesimum
1497 1431 1669 1478 aetatis
1715 1446 1896 1477 annum
1938 1430 2184 1497 ingressus
2221 1440 2323 1480 estz
2358 1430 2420 1479 cf.
2457 1441 2652 1498 praeter

255 1497 380 1565 ighii
411 1497 588 1550 Annal.
627 1500 679 1547 T.
717 1499 800 1545 111.
835 1514 884 1564 p.
913 1512 1013 1556 230
1043 1498 1100 1545 cl.
1128 1504 1272 1556 286„
1307 1496 1880 1563 Baumgarten·Crusius
1913 1496 1990 1545 ad.
2028 1496 2229 1565 Sueton.
2263 1498 2358 1549 Jul.
2394 1515 2435 1547 c.
2469 1506 2517 1565 4.
2591 1499 2653 1547 Et

218 1567 270 1616 C.
309 1566 575 1622 Catonem,
608 1567 678 1614 M.
725 1565 927 1614 Catonis
969 1564 1195 1621 affinem,
1235 1567 1419 1614 nullius
1455 1566 1647 1613 consilii
1683 1565 2068 1622 adolescentem,
2105 1566 2303 1615 Asinius
2334 1566 2514 1622 Pollio,
2549 1565 2649 1624 duo

217 1646 266 1684 et
291 1635 338 1684 vi
373 1635 468 1683 inti
495 1651 649 1686 annos
674 1643 846 1690 natus,
884 1633 1073 1701 duplici
1100 1634 1292 1683 actione
1317 1634 1380 1682 de
1402 1633 1674 1682 Tribunatu
1698 1633 1966 1702 postulavit
1987 1652 2028 1682 a.
2055 1635 2112 1684 V.
2128 1657 2131 1659 ·
2150 1633 2202 1683 C.
2224 1649 2343 1696 700.
2378 1634 2454 1682 uti
2481 1632 2652 1683 docuit

223 1702 357 1753 Thor
416 1700 496 1751 cke
520 1703 571 1749 in
600 1703 870 1752 Commeat.
900 1702 947 1751 d.
971 1703 1108 1748 Asin.
1134 1702 1360 1752 Pollionis
1386 1703 1521 1748 Vita.
1553 1702 1712 1766 Lugd.
1748 1705 1804 1748 B.
1837 1702 1991 1758 182o.'
2007 1718 2059 1770 p.
2087 1706 2166 1758 56.
2195 1718 2304 1768 sqq.
2331 1700 2391 1749 C.
2413 1700 2652 1750 Catonem

219 1768 447 1819 defendit
481 1764 687 1826 Calvus,
793 1768 1007 1835 itquum
1042 1786 1171 1817 anno
1209 1769 1440 1837 proxime
1473 1769 1717 1836 superiori
1746 1769 1779 1817 i.
1819 1785 1861 1816 e.
1898 1785 2026 1817 anno
2058 1771 2117 1817 V.
2147 1767 2207 1816 .C.
2249 1774 2364 1832 699.
2401 1768 2651 1817 Vatinium

218 1838 280 1889 de
322 1837 516 1888 ambitu
551 1830 692 1886 reum
750 1836 943 1893 ecisset,
982 1838 1166 1904 liquet,
1204 1855 1340 1894 eum,
1379 1854 1526 1903 quem
1561 1834 1636 1883 an.
1667 1838 1727 1883 V.
1764 1833 1816 1883 C.
1844 1840 1940 1895 672
1980 1846 2148 1885 natum
2195 1830 2298 1885 esse
2334 1834 2651 1894 ostendimus,

218 1907 428 1977 septimo
479 1917 528 1953 et
575 1905 810 1972 vigesimo
860 1907 1036 1955 aetatis
1084 1923 1214 1953 anno
1257 1907 1467 1970 primam
1515 1906 1567 1951 in
1615 1905 1726 1953 foro
1769 1903 1951 1972 dixisse
1984 1918 2203 1961 causam,
2241 1906 2464 1971 quinque
2498 1902 2653 1971 igitur

217 1992 372 2027 annos
411 1973 625 2024 Pollioni
661 1983 820 2023 aetate
856 1971 1235 2025 antecedentem.
1308 1975 1417 2020 Huc
1454 1973 1601 2022 etiam
1637 1983 1824 2039 spectat
1866 1972 2005 2030 locus
2038 1970 2337 2035 Quintiliani
2362 1975 2397 2020 1.
2423 1970 2511 2021 Or.
2535 1970 2648 2021 Lib.

216 2043 321 2094 XII.
371 2061 411 2090 c.
450 2046 497 2094 6.
547 2042 595 2099 §.
639 2059 681 2088 1.
755 2041 961 2097 Calvus,
1011 2044 1214 2097 Caesar,
1263 2041 1441 2095 Pollio,
1488 2040 1699 2093 multum
1733 2051 1849 2086 ante
1881 2041 2207 2104 quaestoriam
2240 2038 2405 2087 omnes
2439 2043 2652 2088 aetatem

216 2112 515 2179 gravissima
530 2110 715 2172 judicia
736 2120 1058 2171 susceperunt.
1074 2101 1079 2109 ’
1096 2110 1263 2169 Quum
1294 2108 1657 2170 Quintilianum
1681 2118 1732 2155 et
1757 2111 2022 2156 Auctorem
2058 2106 2193 2169 illius
2223 2107 2416 2173 Dialogi
2448 2106 2652 2157 minime

219 2176 422 2229 defin-ite
459 2177 604 2245 loqui
636 2176 950 2225 manifestum
985 2175 1074 2232 sit,
1125 2175 1344 2227 dubitari
1386 2176 1533 2223 etiam
1574 2175 1714 2231 licet,
1739 2192 1813 2221 ‘an
1847 2174 2046 2243 Lipsius
2080 2173 2133 2222 in
2165 2175 2366 2224 Excurs.
2409 2174 2470 2223 ad
2500 2172 2650 2225 Tacit.

218 2251 350 2296 Ann.
387 2244 496 2297 Lib.
522 2247 605 2295 111.
646 2262 684 2293 c.
723 2258 803 2306 59.
841 2247 951 2307 jure
983 2263 1100 2293 usus
1136 2245 1199 2292 sit
1234 2242 1309 2293 his
1345 2243 1490 2300 locis,
1529 2242 1707 2306 quibus
1732 2244 2289 2306 aetatem'quaestoriam
2313 2260 2443 2292 anno
2479 2244 2651 2292 aetatis

219 2316 398 2383 quinto
435 2324 485 2364 et
518 2313 754 2380 vigesimo
789 2311 1045 2364 definiret:
1092 2312 1263 2380 Lipsio
1300 2323 1465 2363 tamen
1509 2312 1775 2361 assentitur
1816 2311 2140 2361 Buttmannus
2184 2310 2248 2360 ad
2295 2311 2502 2374 Quintil.
2538 2312 2569 2360 l.
2593 2328 2649 2360 c.

218 2387 274 2433 Τ.
311 2385 391 2432 IV.
428 2401 477 2451 p.
518 2389 633 2448 554.
706 2381 842 2430 Idem
879 2381 1175 2444 Quintiliani
1211 2381 1346 2429 locus
1381 2380 1556 2449 procul
1592 2379 1744 2428 dubio
1780 2378 1980 2428 induxit
2023 2378 2252 2447 Pighium
2301 2386 2429 2429 Ann.
2478 2381 2530 2429 Τ.
2566 2382 2649 2429 111.

218 2471 271 2520 p.
300 2466 417 2513 592.
442 2461 502 2499 ut
523 2450 724 2500 Calvum
740 2487 753 2507 ,
792 2450 1058 2499 Oratorem
1080 2460 1136 2498 et
1152 2451 1379 2507 Poetam,
1414 2467 1455 2497 a.
1482 2453 1538 2496 V.
1564 2448 1618 2497 C.
1646 2454 1762 2511 698.
1799 2449 2124 2511 Quaestorem
2145 2449 2293 2505 fuisse
2316 2447 2649 2498 contenderet.

221 2523 364 2570 Hanc
397 2518 559 2584 Pighii
594 2520 931 2587 opinationem
954 2518 1087 2568 haud
1110 2520 1258 2586 pauci
1283 2528 1397 2568 sunt
1424 2518 1641 2585 amplexi
1656 2534 1672 2573 ς
1709 2517 1944 2575 equidem
1966 2526 2097 2570 vero·
2110 2534 2355 2585 nusquam
2387 2516 2650 2571 memoriae

220 2587 482 2657 proditum
517 2588 706 2644 inveni,
741 2588 996 2655 publicum
1032 2586 1282 2659 quoddam
1318 2604 1495 2635 munus
1530 2604 1560 2635 a
1595 2581 1932 2636 Calvo‘fuisse
1965 2584 2372 2635 administratum.

363 2654 464 2705 Sed
500 2665 583 2711 ut,
619 2655 750 2703 unde
785 2655 1028 2723 digressus
1065 2666 1479 2714 sum,·revertar,
1517 2654 1695 2704 Calvus
1728 2665 1922 2714 noster,
1976 2655 2066 2723 qui
2100 2654 2266 2702 nativa
2312 2650 2524 2718 quadam
2573 2653 2648 2702 sui

221 2723 504 2775 diffidentia
538 2725 883 2791 praecavisset,
922 2743 1010 2782 ne,
1047 2724 1395 2789 praeveniente
1437 2725 1564 2773 vires
1597 2722 1805 2781 fiducia,
1845 2741 1994 2791 quam
2037 2720 2504 2791 perniciosissimam
2538 2725 2648 2786 jure

224 2795 445 2862 appellat
469 2793 833 2855 Quintilianus,
871 2795 1033 2842 acerbi
1068 2793 1190 2860 quid
1217 2804 1267 2842 et
1288 2794 1540 2844 immaturi
1609 2793 1845 2850 referret,
1878 2794 1933 2842 in
1967 2791 2062 2839 hac
2093 2790 2279 2857 prima,
2317 2806 2464 2856 quam
2500 2789 2646 2847 dixit,

225 2882 368 2912 causa
407 2874 505 2912 tam
545 2860 887 2912 admirabilem
927 2863 1190 2929 explicavit
1232 2860 1431 2910 dicendi
1465 2862 1574 2909 facu
1598 2871 1745 2910 tatem
1779 2872 1828 2908 et
1864 2872 1964 2912 tam
1999 2856 2256 2910 vehemens
2303 2876 2359 2907 ac
2402 2858 2646 2912 violentus

224 2934 414 2979 exstitit
454 2943 734 2988 accusator,
772 2941 829 2977 ut
866 2931 1089 2979 Vatinius
1125 2930 1286 2980 media
1321 2931 1375 2980 iu
1410 2931 1601 2980 actione
1634 2938 1854 2996 surgeret
1898 2938 1950 2979 et
1993 2926 2314 2977 exclamaret:
2345 2930 2502 2993 ‘Rogo
2544 2942 2646 2991 vos,

217 3000 404 3063 judices
412 3020 433 3054 ;
469 3018 608 3059 num,
644 3003 684 3048 si
720 3001 806 3048 iste
844 2998 1046 3046 disertus
1078 3009 1169 3056 est,
1206 3000 1307 3047 ideo
1342 3015 1418 3047 me
1460 2999 1687 3049 damnari
1720 2994 1946 3060 oportet?
1980 2993 2080 3049 vid.
2116 2994 2282 3047 Senec.
2307 2994 2537 3047 Controv.
2561 2996 2643 3044 111.
