2969 3547
1234 103 1237 107 ·
1303 97 1465 121 -ωεςρὸὰιοι
1473 103 1492 114 ‹-
1498 103 1501 106 ι
1508 83 1622 117 ;.ι.κ..ιις

2599 123 2664 184 4¹

250 248 636 393 Εῗῗὶξῶω
655 248 913 322 probavit,
946 249 1145 317 praeter
1167 248 1389 301 Delriuin
1411 247 1490 299 ad.
1514 248 1687 325 Senes.
1710 249 1853 299 Herc.
1881 252 1997 302 Fur.
2014 266 2059 304 v.
2089 253 2392 321 334'12111.
2415 252 2664 326 syntagm.

487 326 596 440 Ἦ
626 318 1118 402 25523'0112'5531231
1142 320 1496 374 AutomLiber
1520 337 1560 368 c.
1588 327 1670 402 ²9:
1688 336 1739 388 Ρ.
1770 330 1945 400 191.et
1969 337 2020 387 Ρ.
2042 334 2134 379 125
2162 339 2270 391 sqq.
2309 322 2384 373 ed.
2412 323 2666 375 Teucheri.

249 390 543 508 (ammae
559 386 1182 506 egopzlvzohzqnnsgzhum
1204 390 1452 457 profertur
1473 407 1502 436 a
1528 388 1700 440 Servio
1723 386 1787 437 ad
1801 389 1967 456 Vir-gal.
1983 392 2104 438 Aen.
2123 393 2178 438 ΙΙ.
2206 408 2249 441 v.
2263 397 2377 451 652.
2413 394 2668 442 Descendo

388 552 515 601 xvl.
551 551 613 599 A.
641 536 831 598 Gellius
855 548 913 597 N.
938 549 998 596 A.
1024 546 1136 601 Lib.
1158 549 1243 595 IX.
1271 564 1311 596 c.
1341 562 1418 597 12.
1454 551 1576 596 Item
1604 546 1657 596 C.
1693 546 1869 598 Calvus
1888 548 1943 597 in
1966 548 2211 618 poematis
2247 547 2505 601 laboriosus
2529 552 2666 612 dicit,

251 634 353 670 non
378 628 434 668 ut
452 617 600 685 vulgo
625 614 833 673 dicitur,
871 615 960 681 qui
980 614 1200 674 laborat,
1234 614 1318 665 sed
1338 615 1391 664 in
1419 614 1823 682 quo‘laboraturz

494 733 497 736 >
573 708 779 756 Durum
811 721 894 754 rus
911 701 1065 773 fugis
1096 715 1146 755 et
1180 703 1481 754 laboriosum.

248 797 395 864 Hunc
411 815 605 849 versum
627 815 656 846 a
677 798 736 846 Η.
764 795 1017 866 Stephano
1040 815 1091 865 p.
1113 803 1231 863 414
1259 796 1401 847 Gallo
1426 796 1458 845 i.
1483 814 1523 846 e.
1551 795 1780 847 Cornelio
1804 797 2230 859 Gallo„tributum,
2267 798 2416 850 Calvo
2439 803 2536 863 jam
2561 802 2666 851 vin·

250 866 411 920 dicavi
447 867 501 916 in
535 865 810 916 Comment.
838 869 906 918 11.
938 865 1002 915 de
1024 869 1077 914 G.
1105 866 1283 914 Helvio
1309 867 1465 912 Cinna
1495 882 1543 927 p.
1577 882 1653 914 12.
1703 868 1894 915 Nonius
1925 868 2057 916 enim
2090 886 2140 935 p.
2179 883 2291 930 155.
2323 884 2400 920 12.
2433 867 2483 916 h.
2520 871 2664 922 verba

251 935 385 984 Galli
408 935 606 986 nomine
622 933 819 993 laudat,
854 943 906 982 et
923 931 1229 1004 Stephanum
1249 934 1303 983 in
1325 931 1547 982 fraudem
1566 931 1780 982 induxit.

200 1106 205 1111 ,
293 1094 295 1096 .
333 1118 349 1188 f
385 1119 518 1167 Haec
554 1115 737 1174 habui,
772 1132 900 1185 quae
926 1114 1000 1166 ‘de
1032 1118 1083 1164 Ο.
1124 1117 1307 1164 Licinio
1348 1118 1525 1176 Calv0,
1573 1116 1787 1167 Oratore
1834 1126 1885 1165 et
1927 1118 2100 1175 Poeta,
2148 1116 2432 1177 scriberem,
2483 1119 2662 1187 quibus

248 1186 396 1237 simul
430 1186 758 1236 anniversaria
792 1184 1017 1234 Moldani
1050 1186 1210 1234 nostri
1239 1186 1499 1243 Natalicia,
1548 1185 1631 1236 die
1666 1189 1795 1232 XIV.
1830 1184 2101 1254 Septembr.
2126 1188 2209 1253 pie
2245 1188 2559 1246 celebranda,
2600 1188 2664 1237 de

249 1272 388 1304 more
411 1253 694 1303 indicerem.
720 1246 730 1252 .
766 1253 913 1317 Quod
932 1265 990 1302 ut
1012 1253 1110 1303 rite
1133 1252 1245 1312 fiat,
1281 1266 1396 1322 post
1420 1256 1656 1303 usitatum
1680 1253 1813 1302 istud
1836 1255 1889 1300 in
1917 1255 2036 1302 aede
2061 1273 2195 1303 sacra
2220 1274 2393 1304 vocum
2416 1268 2464 1304 et
2486 1259 2667 1304 instru-
2764 1283 2767 1286 ⁴

248 1334 529 1372 mentorum
551 1340 800 1385 acroama,
832 1324 885 1371 in
909 1321 1173 1371 Auditorio
1198 1340 1375 1388 magno
1402 1335 1618 1390 quatuor
1640 1322 1929 1389 disciplinae
1947 1334 2147 1370 nostrae
2168 1324 2371 1371 Alumni
2393 1325 2666 1391 prodibunt

250 1391 538 1477 oratoreset
562 1391 832 1440 communis
853 1401 1049 1440 nostrae
1059 1391 1273 1463 ‘pietatis
1294 1393 1586 1457 interpretes
1612 1401 1662 1441 et
1682 1389 1778 1439 hoc
1802 1388 1977 1439 ordine
1997 1390 2147 1440 verba
2168 1391 2379 1441 facient:
2552 1394 2558 1399 ”

319 1517 597 1566 Romen-rus
643 1514 922 1566 Orwoman
968 1514 1330 1575 Gnoncxmsn,
1373 1512 1764 1584 Querfurtensis,
1816 1516 2037 1565 oratione
2084 1516 2264 1565 Latina
2321 1527 2431 1581 aget
2483 1516 2542 1564 de
2597 1519 2665 1564 in-

301 1587 309 1590 “
390 1583 608 1651 signibus
640 1585 927 1643 commodis,
962 1601 1024 1633 ex
1055 1596 1275 1634 veterum
1307 1587 1596 1649 scriptorum
1630 1585 1826 1633 lectione
1853 1585 1921 1632 ad
1941 1585 2252 1648 juventutem
2276 1585 2662 1634 redundantibus.

320 1710 711 1759 Frumnumws
746 1701 1030 1765 Koziumn,
1066 1706 1745 1775 LangenhennersdorfiensiS,
1783 1708 1945 1759 Odam
1978 1709 2253 1765 Alcaicam‚
2287 1709 2449 1758 verbis
2472 1710 2663 1757 Latinis

391 1776 648 1846 scriptam,
684 1775 913 1825 recitabit
948 1774 1011 1824 de
1044 1774 1175 1824 dicto
1210 1778 1405 1824 Horatii
1438 1776 1547 1825 Lib.
1570 1779 1655 1823 111.
1694 1775 1773 1825 od.
1812 1794 1858 1826 2.
1904 1795 1949 1828 v.
1991 1791 2052 1840 17
2070 1794 2177 1845 sqq.
2218 1777 2412 1836 Virtus,
2449 1777 2663 1841 repulsae

389 1847 547 1894 nescia
578 1845 823 1903 sordidae,
856 1845 1171 1892 Intamiriatis
1190 1840 1370 1911 fulget
1402 1843 1670 1893 honoribus.

320 1973 525 2090 Ιπιῐῖποῖ
544 1972 983 2088 Esar-nunnus,
1017 1970 1297 2035 Lipsiensis,
1330 1969 1549 2020 versibus
1582 1968 1793 2019 heroicis
1825 1970 1986 2037 iisque
2018 1956 2205 2019 Latinis
2251 1972 2472 2017 Mortem
2519 1970 2664 2018 Codri
2744 1971 2765 1984 ‘

388 2057 444 2090 Ge
527 2055 552 2087 r
615 2049 668 2086 lt.
1206 2063 1210 2065 ·

390 2163 456 2212 Hi
488 2166 714 2227 juvenes,
749 2174 800 2212 et
830 2179 1069 2231 prospero
1102 2161 1357 2211 literarum
1392 2160 1555 2210 studio
1591 2172 1641 2210 et
1674 2162 1803 2211 vitae
1837 2178 2127 2228 morumque
2168 2161 2426 2211 honestate
2466 2180 2663 2228 magno-

289 2248 372 2281 ere
404 2231 549 2280 nobis
583 2231 806 2300 probati,
848 2229 989 2280 editis
1012 2229 1151 2287 illis,
1187 2247 1316 2298 quae
1352 2228 1486 2288 dixi,
1522 2231 1708 2297 ingenii
1735 2229 2084 2297 doctrinaeque
2108 2231 2479 2299 speciminibus,
2515 2230 2662 2279 Scho-

249 2249 329 2351 iic
363 2318 420 2349 ac
452 2300 856 2370 Praeceptoribus
889 2299 1166 2349 vernaculis
1199 2298 1471 2348 valedicent
1497 2300 1763 2367 poematis,
1799 2301 1851 2347 in
1888 2299 2182 2347 academiam
2218 2300 2426 2349 abiturit
2461 2301 2513 2346 in
2563 2317 2662 2367 qua

250 2386 404 2435 quum
440 2369 732 2436 Theologiae
766 2387 817 2418 se
852 2386 1038 2449 suaque
1073 2367 1245 2417 studia·
1268 2370 1368 2417 sint
1401 2370 1757 2427 consecraturi,
1795 2385 1876 2417 eos
1914 2370 2059 2423 enixe
2079 2379 2272 2434 rogatos
2293 2386 2394 2415 esse
2417 2369 2660 2425 volumus,

251 2448 309 2488 ut
336 2447 523 2500 mature
557 2438 746 2487 discant
781 2434 1038 2506 α’ληθευειν
1072 2431 1122 2486 ἐν
1155 2433 1324 2500 ἀγάπη
1358 2452 1523 2503 neque
1555 2450 1814 2503 umquam,
1849 2447 1931 2496 ut,
1979 2454 2105 2503 quae
2139 2435 2261 2483 mihi
2297 2453 2406 2483 cum
2447 2438 2663 2486 maxime

251 2517 566 2564 succurrunt,
614 2507 754 2556 Pauli
800 2505 1029 2574 Apostoli
1072 2504 1233 2554 verbis
1317 2522 1478 2571 ergam
1492 2539 1506 2561 ,
1551 2499 1889 2567 ἐσζκοτισμένοι
1937 2507 1998 2566 τῆ
2043 2502 2337 2564 ματαιότητι
2399 2499 2523 2553 ‘rofi‘
2551 2506 2663 2565 νοός

252 2574 427 2634 αὐτῶν
472 2573 557 2624 καὶ
610 2572 1068 2647 ἀπηλλοτριωμένοι
1124 2574 1208 2634 τῆς
1291 2574 1389 2633 ωῆς
1445 2574 1538 2621 τοῦ
1595 2572 1745 2631 θεοῦ,
1802 2574 1863 2620 in
1913 2590 1970 2621 ea
2029 2571 2292 2621 deflectant
2346 2572 2662 2633 deverticula,

251 2645 472 2695 exitiosis
506 2645 657 2694 incisa
693 2643 1016 2697 anfractibus.
1053 2659 1180 2709 quae
1213 2641 1380 2690 multis
1414 2640 1564 2690 hodie
1599 2653 1713 2691 sunt
1746 2642 2000 2707 religiosae
2044 2641 2297 2706 cujusdam
2344 2641 2661 2701 infirmitatis,

250 2730 315 2762 ne
347 2714 541 2780 gravius
576 2711 698 2781 quid
732 2711 916 2771 dicam,
953 2708 1161 2778 suffugia
1195 2721 1246 2759 et
1276 2708 1499 2782 iatibula.
1570 2712 1830 2776 Postquam
1862 2727 1950 2776 ego
1985 2708 2075 2759 hos
2110 2714 2311 2774 juvenes
2358 2729 2466 2759 meo
2503 2710 2661 2760 Colle·

250 2789 522 2848 garumque
550 2781 750 2831 nomine
783 2782 879 2849 piis
912 2781 1038 2830 votis
1074 2779 1342 2846 amicisque
1375 2791 1665 2847 prosecutus
1700 2779 1839 2827 fuero
1884 2779 2109 2838 monitis,
2155 2791 2213 2828 ut
2254 2781 2307 2827 in
2355 2779 2660 2829 decurrendo

250 2851 379 2899 vitae
413 2848 717 2900 academicae
752 2849 905 2900 stadio
950 2848 1011 2897 ab
1046 2849 1152 2898 istis
1187 2848 1282 2898 sibi
1317 2858 1519 2898 caveant
1554 2847 1790 2914 scopulis,
1829 2846 1891 2895 ad
1928 2864 2053 2914 quos
2096 2851 2197 2911 jam
2232 2847 2376 2896 multi
2410 2849 2663 2899 alliserunt

218 2916 615 2984 'adolescentes,-
641 2938 764 2970 neve
810 2937 860 2969 se
906 2915 1155 2968 absorberi
1197 2917 1450 2986 patiantur
1485 2915 1546 2966 ab
1579 2917 1672 2966 isto
1708 2914 2008 2978 αὐτονομίας
2052 2914 2300 2978 cujusdam
2348 2928 2508 2974 aestu,
2556 2936 2662 2985 quo

251 2986 524 3040 submersos
567 2985 718 3037 hodie
760 2987 963 3056 plurimi
1008 2997 1234 3055 parentes
1278 2985 1447 3040 vident
1489 3004 1546 3037 ac
1588 2984 1758 3053 lugent
1802 2986 2019 3055 optimae
2065 2984 2262 3036 indolis.
2291 2982 2447 3047 filios,
2493 2999 2662 3038 orator

253 3066 417 3126 surget
447 3056 723 3126 praeclarae
755 3058 862 3126 spei
894 3057 1111 3122 juvenis:
